%%%%%%%%%%%% bibliography %%%%%%%%%%%%%%%
% Summary
@misc{1,
  title = {\textbf{Mensia}},
  howpublished = {\url{http://erlang.org/doc/man/mnesia.html}},
}

@misc{2,
  title = {\textbf{GitHub}},
  howpublished = {\url{https://github.com/}},
}

@misc{3,
  title = {\textbf{Erlang}},
  howpublished = {\url{http://erlang.org/doc/}},
}

@misc{4,
  title = {\textbf{Cowboy Web Framework}},
  howpublished = {\url{https://ninenines.eu/}},
}

@misc{5,
  title = {\textbf{Jiffy library}},
  howpublished = {\url{https://hex.pm/packages/jiffy}},
}

@misc{6,
  title = {\textbf{JSON}},
  howpublished = {\url{https://www.json.org/}},
}

@misc{7,
  title = {\textbf{ORM}},
  howpublished = {\url{https://en.wikipedia.org/wiki/Object-relational_mapping}},
}

@misc{8,
  title = {\textbf{SQL Injection}},
  howpublished = {\url{https://en.wikipedia.org/wiki/SQL_injection}},
}

@misc{9,
  title = {\textbf{SQL Injection}},
  howpublished = {\url{https://en.wikipedia.org/wiki/Representational_State_Transfer}},
}

@misc{10,
  title = {\textbf{TDD}},
  howpublished = {\url{https://en.wikipedia.org/wiki/Test_driven_development}},
}

@misc{11,
  title = {\textbf{Git}},
  howpublished = {\url{https://git-scm.com/}},
}

@misc{12,
  title = {\textbf{AJAX}},
  howpublished = {\url{https://en.wikipedia.org/wiki/AJAX}},
}

@misc{13,
  title = {\textbf{CRUD}},
  howpublished = {\url{https://en.wikipedia.org/wiki/Create,_read,_update_and_delete}},
}

@misc{14,
  title = {\textbf{CQRS}},
  howpublished = {\url{https://medium.com/eleven-labs/cqrs-pattern-c1d6f8517314}},
}

@misc{15,
  title = {\textbf{SSH}},
  howpublished = {\url{https://en.wikipedia.org/wiki/Secure_Shell}},
}

@misc{16,
  title = {npm},
  howpublished = {https://www.npmjs.com/}},
}

@misc{17,
  title = {rebar3},
  howpublished = {https://www.rebar3.org/}},
}

@misc{18,
  title = {HEX},
  howpublished = {https://hex.pm/}},
}

@misc{19,
  title = {Bootstrap},
  howpublished = {https://getbootstrap.com/}},
}

@misc{20,
  title = {JQuery},
  howpublished = {https://jquery.com/}},
}

@misc{21,
  title = {ThreeJS},
  howpublished = {https://threejs.org/}},
}


